<?xml version="1.0" encoding="utf-8"?>
<record xmlns="http://www.loc.gov/MARC21/slim" xmlns:xsi="http://www.w3.org/2001/XMLSchema-instance" xsi:schemaLocation="http://www.loc.gov/MARC21/slim http://www.loc.gov/standards/marcxml/schema/MARC21slim.xsd">
	<leader>     nam a22        4500</leader>
	<controlfield tag="001">b12344151</controlfield>
	<controlfield tag="003">LeBAU</controlfield>
	<controlfield tag="006">m        d        </controlfield>
	<controlfield tag="007">cr cn |||m|||a</controlfield>
	<controlfield tag="008">170508s1940    le afh  ob    ||1 0 ara d</controlfield>
	<datafield ind1=" " ind2=" " tag="040">
		<subfield code="a">NNU</subfield>
		<subfield code="b">ara</subfield>
		<subfield code="e">rda</subfield>
		<subfield code="c">NNU</subfield>
	</datafield>
	<datafield ind1=" " ind2="4" tag="050">
		<subfield code="a">BP75</subfield>
		<subfield code="b">.U48 1940</subfield>
	</datafield>
	<datafield ind1="0" ind2="4" tag="082">
		<subfield code="a">297.08</subfield>
		<subfield code="2">20</subfield>
	</datafield>
	<datafield ind1="1" ind2=" " tag="100">
		<subfield code="6">880-01</subfield>
		<subfield code="a">Ibn Shaybah, Yaʻqūb,</subfield>
		<subfield code="d">798 or 799-875 or 876,</subfield>
		<subfield code="e">author.</subfield>
	</datafield>
	<datafield ind1="1" ind2="0" tag="245">
		<subfield code="6">880-02</subfield>
		<subfield code="a">Musnad Amīr al-Muʼminīn ʻUmar ibn al-Khaṭṭāb ‘an al-nabī ṣallá Allāh ‘alayhi wa-sallam /</subfield>
		<subfield code="c">ta’līf Abī Yūsuf Ya‘qūb ibn Shaybah ibn al-Ṣalt ; mimmā rawāhu ‘anhu Abū Bakr Muḥammad ibn Aḥmad ibn Ya‘qūb ibn Shaybah, bi-riwāyat Abī ‘Umar ‘Abd al-Wāḥid ibn Muḥmmad ibn ‘Abd Allāh ibn Muḥammad ibn Mahdī ; ‘uniya bi-darsihi wa-nashrihi al-Duktūr Sāmī Ḥaddād, ustādh al-jirāḥah fī Jāmi‘at Bayrūt al-Amīrkīyah.</subfield>
	</datafield>
	<datafield ind1=" " ind2=" " tag="250">
		<subfield code="6">880-03</subfield>
		<subfield code="a">al-Ṭab‘ah al-ūlá.</subfield>
	</datafield>
	<datafield ind1=" " ind2="1" tag="264">
		<subfield code="6">880-04</subfield>
		<subfield code="a">Bayrūt :</subfield>
		<subfield code="b">al-Maṭba‘ah al-Amīrkānīyah,</subfield>
		<subfield code="c">1359 H. = 1940 M.</subfield>
	</datafield>
	<datafield ind1=" " ind2=" " tag="300">
		<subfield code="6">880-05</subfield>
		<subfield code="a">online resource (1 volume (237 pages), 4 unnumbered leaves of plates) :</subfield>
		<subfield code="b">illustrations, facsimilies</subfield>
	</datafield>
	<datafield ind1=" " ind2=" " tag="336">
		<subfield code="a">text</subfield>
		<subfield code="2">rdacontent</subfield>
	</datafield>
	<datafield ind1=" " ind2=" " tag="337">
		<subfield code="a">computer</subfield>
		<subfield code="2">rdamedia</subfield>
	</datafield>
	<datafield ind1=" " ind2=" " tag="338">
		<subfield code="a">online resource</subfield>
		<subfield code="2">rdacarrier</subfield>
	</datafield>
	<datafield ind1=" " ind2=" " tag="500">
		<subfield code="a">Part of the Arabic Collections Online (ACO) project, contributed by American University of Beirut's Jafet Memorial Library.</subfield>
	</datafield>
	<datafield ind1=" " ind2=" " tag="533">
		<subfield code="a">Electronic reproduction.</subfield>
		<subfield code="b">New York, N.Y. :</subfield>
		<subfield code="c">New York University,</subfield>
		<subfield code="d">2017.</subfield>
		<subfield code="5">NNU</subfield>
	</datafield>
	<datafield ind1="0" ind2="0" tag="600">
		<subfield code="6">880-06</subfield>
		<subfield code="a">ʻUmar ibn al-Khaṭṭāb,</subfield>
		<subfield code="c">Caliph,</subfield>
		<subfield code="d">-644.</subfield>
	</datafield>
	<datafield ind1=" " ind2="0" tag="650">
		<subfield code="6">880-07</subfield>
		<subfield code="a">Hadith</subfield>
		<subfield code="x">Evidences, authority, etc.</subfield>
		<subfield code="v">Early works to 1800.</subfield>
	</datafield>
	<datafield ind1=" " ind2="0" tag="650">
		<subfield code="6">880-08</subfield>
		<subfield code="a">Hadith</subfield>
		<subfield code="x">Authorities</subfield>
		<subfield code="v">Early works to 1800.</subfield>
	</datafield>
	<datafield ind1=" " ind2="0" tag="650">
		<subfield code="6">880-09</subfield>
		<subfield code="a">Malikites</subfield>
		<subfield code="v">Early works to 1800.</subfield>
	</datafield>
	<datafield ind1="1" ind2=" " tag="700">
		<subfield code="6">880-10</subfield>
		<subfield code="a">Ibn Shaybah, Muḥammad ibn Aḥmad,</subfield>
		<subfield code="e">narrator.</subfield>
	</datafield>
	<datafield ind1="1" ind2=" " tag="700">
		<subfield code="6">880-11</subfield>
		<subfield code="a">Ibn ‘Abd Allāh, ‘Abd al-Wāḥid ibn Muḥammad,</subfield>
		<subfield code="e">narrator.</subfield>
	</datafield>
	<datafield ind1="1" ind2=" " tag="700">
		<subfield code="6">880-12</subfield>
		<subfield code="a">Ḥaddād, Sāmī Ibrāhīm,</subfield>
		<subfield code="d">1890-1957,</subfield>
		<subfield code="e">annotator.</subfield>
	</datafield>
	<datafield ind1="2" ind2=" " tag="710">
		<subfield code="a">Jafet Memorial Library.</subfield>
	</datafield>
	<datafield ind1="0" ind2=" " tag="730">
		<subfield code="a">Arabic Collections Online.</subfield>
	</datafield>
	<datafield ind1="0" ind2="8" tag="776">
		<subfield code="i">Print version:</subfield>
		<subfield code="a">Ibn Shaybah, Yaʻqūb, 798 or 799-875 or 876, author.</subfield>
		<subfield code="t">Musnad Amīr al-Muʼminīn ʻUmar ibn al-Khaṭṭāb ‘an al-nabī ṣallá Allāh ‘alayhi wa-sallam</subfield>
		<subfield code="w">(LeBAU)b12344151</subfield>
	</datafield>
	<datafield ind1="4" ind2="0" tag="856">
		<subfield code="u">http://hdl.handle.net/2333.1/r2280n2m</subfield>
	</datafield>
	<datafield ind1="1" ind2=" " tag="880">
		<subfield code="6">100-01/r</subfield>
		<subfield code="a">إبن شيبة، يعقوب،</subfield>
		<subfield code="d">798 او 799-875 او 876،</subfield>
		<subfield code="e">مؤلف.</subfield>
		<subfield code="4">aut.</subfield>
	</datafield>
	<datafield ind1="1" ind2="0" tag="880">
		<subfield code="6">245-02/r</subfield>
		<subfield code="a">مسند أمير المؤمنين عمر بن الخطاب عن النبي صلى الله عليه وسلم /</subfield>
		<subfield code="c">تأليف أبي يوسف يعقوب بن شيبة بن الصلت ؛ مما رواه عنه أبو بكر محمد بن أحمد بن يعقوب بن شيبة، برواية أبي عمر عبد الواحد بن محمد بن عبد الله بن محمد بن مهدي ؛ عني بدرسه ونشره الدكتور سامي حداد، أستاذ الجراحة في جامعة بيروت الأميركية.</subfield>
	</datafield>
	<datafield ind1=" " ind2=" " tag="880">
		<subfield code="6">250-03/r</subfield>
		<subfield code="a">الطبعة الأولى.</subfield>
	</datafield>
	<datafield ind1=" " ind2="1" tag="880">
		<subfield code="6">264-04/r</subfield>
		<subfield code="a">بيروت :</subfield>
		<subfield code="b">المطبعة الاميركانية،</subfield>
		<subfield code="c">1359 هـ. = 1940 م.</subfield>
	</datafield>
	<datafield ind1=" " ind2=" " tag="880">
		<subfield code="6">300-05/r</subfield>
		<subfield code="a">1  جزء (237 صفحة)، 4 ورقات لوحات غير مرقمة :</subfield>
		<subfield code="b">مصورات، صور طبق الأصل ؛</subfield>
		<subfield code="c">24 سم</subfield>
	</datafield>
	<datafield ind1=" " ind2=" " tag="880">
		<subfield code="6">504-00/r</subfield>
		<subfield code="a">يتضمن مراجع ببليوغرافية (صفحات 233-236) وكشافات.</subfield>
	</datafield>
	<datafield ind1=" " ind2=" " tag="880">
		<subfield code="6">588-00/r</subfield>
		<subfield code="a">الوصف يستند إلى الجزء العاشر.</subfield>
	</datafield>
	<datafield ind1=" " ind2=" " tag="880">
		<subfield code="6">590-00/r</subfield>
		<subfield code="a">في المكتبة: الجزء 10.</subfield>
	</datafield>
	<datafield ind1="0" ind2="4" tag="880">
		<subfield code="6">600-06/r</subfield>
		<subfield code="a">عمر بن الخطاب</subfield>
		<subfield code="c">الخليفة،</subfield>
		<subfield code="d">-644.</subfield>
	</datafield>
	<datafield ind1=" " ind2="4" tag="880">
		<subfield code="6">650-07/r</subfield>
		<subfield code="a">الحديث</subfield>
		<subfield code="x">إسناد</subfield>
		<subfield code="v">اعمال قديمة حتى 1800.</subfield>
	</datafield>
	<datafield ind1=" " ind2="4" tag="880">
		<subfield code="6">650-08/r</subfield>
		<subfield code="a">الحديث</subfield>
		<subfield code="x">رواة</subfield>
		<subfield code="v">اعمال قديمة حتى 1800.</subfield>
	</datafield>
	<datafield ind1=" " ind2="4" tag="880">
		<subfield code="6">650-09/r</subfield>
		<subfield code="a">المذهب المالكي</subfield>
		<subfield code="v">اعمال قديمة حتى 1800.</subfield>
	</datafield>
	<datafield ind1="1" ind2=" " tag="880">
		<subfield code="6">700-10/r</subfield>
		<subfield code="a">ابن شيبة، محمد بن أحمد،</subfield>
		<subfield code="e">راوي.</subfield>
		<subfield code="4">nrt.</subfield>
	</datafield>
	<datafield ind1="1" ind2=" " tag="880">
		<subfield code="6">700-11/r</subfield>
		<subfield code="a">ابن عبد الله، عبد الواحد بن محمد،</subfield>
		<subfield code="e">راوي.</subfield>
		<subfield code="4">nrt.</subfield>
	</datafield>
	<datafield ind1="1" ind2=" " tag="880">
		<subfield code="6">700-12/r</subfield>
		<subfield code="a">حداد، سامي ابراهيم،</subfield>
		<subfield code="d">1890-1957،</subfield>
		<subfield code="e">محقق.</subfield>
		<subfield code="4">ann.</subfield>
	</datafield>
	<datafield ind1=" " ind2=" " tag="959">
		<subfield code="a">NNU</subfield>
		<subfield code="b">WEB</subfield>
		<subfield code="c">GENI</subfield>
		<subfield code="t">0</subfield>
		<subfield code="m">Electronic access</subfield>
		<subfield code="s">01</subfield>
	</datafield>
	<datafield ind1=" " ind2=" " tag="999">
		<subfield code="i">LeBAU_b12344151</subfield>
		<subfield code="s">aub_aco000958:v.10</subfield>
		<subfield code="e">(ERROR-MISC)</subfield>
		<subfield code="s">aub_aco000958:v.10</subfield>
	</datafield>
</record>
